@online{anleitung,
  author = {TU Dortmund},
  title = {Versuchsanleitung zu Versuch 408},
  url = {http://129.217.224.2/HOMEPAGE/MEDPHYS/BACHELOR/AP/SKRIPT/UltraschallScan.pdf},
  urldate = {2018-06-18}
}
@online{schall,
  author = {},
  title = {Schallgeschwindigkeit in Acryl},
  url = {https://www.olympus-ims.com/de/ndt-tutorials/thickness-gage/appendices-velocities/},
  urldate = {2018-06-18}
}
