@online{Anleitung,
  author = {TU Dortmund},
  title = {Versuchsanleitung zu Versuch 500},
  url = {http://129.217.224.2/HOMEPAGE/MEDPHYS/BACHELOR/AP/SKRIPT/V500.pdf},
  urldate = {2018-05-14}
}
@online{Wert,
  author = {},
  title = {Naturkonstante},
  url = {http://www.szallies.de/Konstanten.htm},
  urldate = {2018-05-14}
}
