@online{Anleitung,
  author = {TU Dortmund},
  title = {Versuchsanleitung zu Versuch 408},
  url = {http://129.217.224.2/HOMEPAGE/MEDPHYS/BACHELOR/AP/SKRIPT/V501.pdf},
  urldate = {2018-05-07}
}


@online{on2,
  author = {},
  title = {Erdmagnetfeld},
  url = {http://www.biosensor-physik.de/biosensor/erdmagnetfeld.htm},
  urldate = {2018-05-07}
}
@online{em,
  author = {},
  title = {Das Verh√§ltnis von eo zu m0},
  url = {https://de.wikipedia.org/wiki/Physikalische_Konstante},
  urldate = {2018-05-16}
}
