@online{anleitung,
  author = {TU Dortmund},
  title = {Versuchsanleitung zu Versuch 353},
  url = {http://129.217.224.2/HOMEPAGE/PHYSIKER/BACHELOR/AP/SKRIPT/V353.pdf},
  urldate = {2016-12-24}
}
