@online{anleitung,
  author = {TU Dortmund},
  title = {Versuchsanleitung zu Versuch 101},
  url = {http://129.217.224.2/HOMEPAGE/MEDPHYS/BACHELOR/AP/SKRIPT/TraegheitMP.pdf},
  urldate = {2017-10-27}
}
