@online{anleitung,
  author = {TU Dortmund},
  title = {Versuchsanleitung zu Versuch 408},
  url = {http://129.217.224.2/HOMEPAGE/MEDPHYS/BACHELOR/AP/SKRIPT/V704.pdf},
  urldate = {2018-06-11}
}
@online{Lit1,
  author = {},
  title = {Blei},
  url = {https://www.lenntech.de/pse/elemente/pb.htm},
  urldate = {2018-06-11}
}
@online{Lit2,
  author = {},
  title = {Zinn},
  url = {https://www.lenntech.de/pse/elemente/zn.htm},
  urldate = {2018-06-11}
}
@online{Lit3,
  author = {},
  title = {Periodensystem},
  url = {http://www.periodensystem-online.de/index.php?id=isotope&el=43&mz=99&show=nuklid},
  urldate = {2018-06-11}
}
