@online{on1,
  author = {TU Dortmund},
  title = {Versuchsanleitung zu Versuch 206},
  url = {http://129.217.224.2/HOMEPAGE/MEDPHYS/BACHELOR/AP/SKRIPT/V206.pdf},
  urldate = {2017-12-18}
}
@book{b1,
title = "Experimentalphysik 1",
subtitle = "Mechanik und Wärme",
author = "Demtröder, Wolfgang",
edition = "7",
year = "2014",
publisher = "Springer-Verlag Berlin Heidelberg",
}
@online{on2,
  author = {},
  title = {molare Masse Cl2F2C},
  url = {https://www.chemie-schule.de/KnowHow/Dichlorfluormethan},
  urldate = {2017-12-20}
}
