@online{anleitung,
  author = {TU Dortmund},
  title = {Versuchsanleitung zum Versuch US3},
  url = {http://129.217.224.2/HOMEPAGE/MEDPHYS/BACHELOR/AP/SKRIPT/DopplerSonogr.pdf},
  urldate = {2018-06-25}
}
