@manual{anleitung,
  author = "TU Dortmund",
  title = "V354: Gedämpfte und erzwungene Schwingungen",
  url = "http://129.217.224.2/HOMEPAGE/PHYSIKER/BACHELOR/AP/SKRIPT/V354.pdf",
  date = "2017-01-10",
}

@manual{alt,
  author = "Unknown",
  title = "V354: Gedämpfte und erzwungene Schwingungen",
  url = "http://fachschaft-physik.tu-dortmund.de/wordpress/wp-content/uploads/2015/08/V354.pdf",
  date = "2017-01-13",
  }
