@online{anleitung,
  author = {TU Dortmund},
  title = {Versuchsanleitung zu Versuch 408},
  url = {http://129.217.224.2/HOMEPAGE/MEDPHYS/BACHELOR/AP/SKRIPT/V703.pdf},
  urldate = {2018-06-04}
}
