@online{anleitung,
  url = "http://129.217.224.2/HOMEPAGE/MEDPHYS/BACHELOR/AP/SKRIPT/V354.pdf",
  author = "TU Dortmund",
  title = "Versuchsanleitung zu Versuch 354- Ged√§mpfte und erzwungene Schwingungen",
  date = "2016-12-12"
}

@misc{allgas,
  title = "Casio Taschenrechner fx-991ES"}
