@online{on3,
  author = {TU Dortmund},
  title = {Versuchsanleitung zu Versuch 302},
  url = {http://129.217.224.2/HOMEPAGE/MEDPHYS/BACHELOR/AP/SKRIPT/V302.pdf},
  urldate = {2017-12-14}
}
