@online{anleitung,
  author = {TU Dortmund},
  title = {Versuchsanleitung zu Versuch 408},
  url = {http://129.217.224.2/HOMEPAGE/MEDPHYS/BACHELOR/AP/SKRIPT/UltraschallScan.pdf},
  urldate = {2018-07-02}
}
@online{1,
  author = {},
  title = {Brechungsindex},
  url = {https://www.filmetrics.de/refractive-index-database/Schott+N-SF14},
  urldate = {2018-07-02}
}
@online{2,
  author = {},
  title = {Abbesche Zahl},
  url = {https://www.edmundoptics.de/resources/application-notes/optics/optical-glass/},
  urldate = {2018-07-02}
}
