@online{on1,
  author = {TU Dortmund},
  title = {Versuchsanleitung zu Versuch 406},
  url = {http://129.217.224.2/HOMEPAGE/MEDPHYS/BACHELOR/AP/SKRIPT/V406.pdf},
  urldate = {2018-04-14}
}
