@online{Anleitung,
  author = {TU Dortmund},
  title = {Versuchsanleitung zu Versuch 408},
  url = {http://129.217.224.2/HOMEPAGE/MEDPHYS/BACHELOR/AP/SKRIPT/V606.pdf},
  urldate = {2018-04-22}
}

@online{wert,
  author = {},
  title = {Wert},
  url = {https://physics.nist.gov/PhysRefData/XrayTrans/Html/search.html},
  urldate = {2018-05-25}
  }
  @online{Z,
    author = {},
    title = {Ordnungszahlen},
    url = {http://www.periodensystem.info/elemente/},
    urldate = {2018-05-25}
    }
