@online{Anleitung,
  author = {TU Dortmund},
  title = {Versuchsanleitung zu Versuch 408},
  url = {http://129.217.224.2/HOMEPAGE/MEDPHYS/BACHELOR/AP/SKRIPT/V606.pdf},
  urldate = {2018-04-22}
}

@online{Wert,
  author = {},
  title = {Wert},
  url = {https://www.webqc.org/mmcalc.php},
  urldate = {2018-04-22}
  }
