@online{anleitung,
  author = {ulfkonrad},
  title = {ferromagnetische Stoffe},
  url = {http://www.ulfkonrad.de/physik/groessen/mag_stoffe.htm},
  urldate = {2017-11-30}
}

@online{on1,
  author = {elektroniktutor},
  title = {Bild Hysterese},
  url = {http://elektroniktutor.de/elektrophysik/magkurve.html},
  urldate = {2017-11-30}
}

@online{on2,
  author = {itwissen},
  title = {Koerzitivkraft},
  url = {http://www.itwissen.info/Koerzitivkraft-K-coercive-force.html},
  urldate = {2017-11-30}
}

@online{on3,
  author = {TU Dortmund},
  title = {Versuchsanleitung zu Versuch 308},
  url = {http://129.217.224.2/HOMEPAGE/MEDPHYS/BACHELOR/AP/SKRIPT/Magnetfeld.pdf},
  urldate = {2017-11-30}
}
