
@online{anleitung,
  author = {TU Dortmund},
  title = {Versuchsanleitung zu Versuch 301},
  url = {http://129.217.224.2/HOMEPAGE/MEDPHYS/BACHELOR/AP/SKRIPT/V301.pdf},
  urldate = {2017-12-06}
}
