@online{on1,
  author = {TU Dortmund},
  title = {Versuchsanleitung zu Versuch 204},
  url = {http://129.217.224.2/HOMEPAGE/MEDPHYS/BACHELOR/AP/SKRIPT/V206.pdf},
  urldate = {2018-01-10}
}
@book{b1,
title = "Experimentalphysik 1",
subtitle = "Mechanik und Wärme",
author = "Demtröder, Wolfgang",
edition = "7",
year = "2014",
publisher = "Springer-Verlag Berlin Heidelberg",
}
@online{on2,
  author = {},
  title = {Wärmeleitfähigkeit},
  url = {https://de.wikipedia.org/wiki/W%C3%A4rmeleitf%C3%A4higkeit},
  urldate = {2018-01-10}
}

@online{on3,
  author = {},
  title = {Wärmeleitfähigkeit2},
  url = {https://www.schweizer-fn.de/stoff/wleit_metall/wleit_metall.php},
  urldate = {2018-01-10}
}
